<?xml version="1.0" encoding="UTF-8"?><collection xmlns="http://www.loc.gov/MARC21/slim"><record><leader>00492nam--2200181-i-4500</leader><controlfield tag="001">000049976</controlfield><controlfield tag="002">20161230</controlfield><controlfield tag="005">20161230201047</controlfield><controlfield tag="008">060222s1000------------r-----000-0-rus-d</controlfield><datafield ind1=" " ind2=" " tag="041"><subfield code="a">rus</subfield></datafield><datafield ind1=" " ind2=" " tag="080"><subfield code="a">535</subfield></datafield><datafield ind1="1" ind2=" " tag="100"><subfield code="a">Ahmanov, S.A., Chirkin, A.S</subfield></datafield><datafield ind1="1" ind2="0" tag="245"><subfield code="a">Statisticheskie iavleniia v nelineinoi optike</subfield><subfield code="c">S.a ahmanov, a.s. chirkin</subfield></datafield><datafield ind1=" " ind2=" " tag="260"><subfield code="a">Moskva</subfield><subfield code="b">Moskovskovo Universiteta</subfield><subfield code="c">1971</subfield></datafield><datafield ind1=" " ind2=" " tag="300"><subfield code="a">127S</subfield></datafield><datafield ind1="1" ind2=" " tag="700"><subfield code="a">Chirkin, A.S</subfield></datafield><datafield ind1=" " ind2=" " tag="852"><subfield code="a">37065</subfield><subfield code="c">535</subfield></datafield><datafield ind1=" " ind2=" " tag="CAT"><subfield code="a">Sys</subfield><subfield code="c">20101103</subfield><subfield code="h">135126</subfield></datafield></record></collection>